@article{gardner2020contrast,
  title={Evaluating models' local decision boundaries via contrast sets},
  author={Gardner, Matt and Artzi, Yoav and Basmova, Victoria and Berant, Jonathan and Bogin, Ben and Chen, Sihao and Dasigi, Pradeep and Dua, Dheeru and Elazar, Yanai and Gottumukkala, Ananth and others},
  journal={Findings of EMNLP},
  year={2020}
}


@article{Khashabi2020MoreBF,
  title={More Bang for Your Buck: Natural Perturbation for Robust Question Answering},
  author={Daniel Khashabi and Tushar Khot and A. Sabharwal},
  journal={EMNLP},
  year={2020}
}


@article{kaushik2019learning,
  title={Learning the difference that makes a difference with counterfactually-augmented data},
  author={Kaushik, Divyansh and Hovy, Eduard and Lipton, Zachary C},
  journal={arXiv preprint arXiv:1909.12434},
  year={2019}
}

@article{kaushik2020explaining,
  title={Explaining The Efficacy of Counterfactually-Augmented Data},
  author={Kaushik, Divyansh and Setlur, Amrith and Hovy, Eduard and Lipton, Zachary C},
  journal={arXiv preprint arXiv:2010.02114},
  year={2020}
}

@article{teney2020learning,
  title={Learning what makes a difference from counterfactual examples and gradient supervision},
  author={Teney, Damien and Abbasnedjad, Ehsan and Hengel, Anton van den},
  journal={arXiv preprint arXiv:2004.09034},
  year={2020}
}


@article{sakaguchi2019winogrande,
  title={Winogrande: An adversarial winograd schema challenge at scale},
  author={Sakaguchi, Keisuke and Bras, Ronan Le and Bhagavatula, Chandra and Choi, Yejin},
  journal={arXiv preprint arXiv:1907.10641},
  year={2019}
}

@article{zhang2019paws,
  title={PAWS: Paraphrase adversaries from word scrambling},
  author={Zhang, Yuan and Baldridge, Jason and He, Luheng},
  journal={arXiv preprint arXiv:1904.01130},
  year={2019}
}

@article{suhr2018corpus,
  title={A corpus for reasoning about natural language grounded in photographs},
  author={Suhr, Alane and Zhou, Stephanie and Zhang, Ally and Zhang, Iris and Bai, Huajun and Artzi, Yoav},
  journal={arXiv preprint arXiv:1811.00491},
  year={2018}
}


@article{wieting2017paranmt,
  title={Paranmt-50m: Pushing the limits of paraphrastic sentence embeddings with millions of machine translations},
  author={Wieting, John and Gimpel, Kevin},
  journal={arXiv preprint arXiv:1711.05732},
  year={2017}
}

@article{mccoy2019right,
  title={Right for the wrong reasons: Diagnosing syntactic heuristics in natural language inference},
  author={McCoy, R Thomas and Pavlick, Ellie and Linzen, Tal},
  journal={arXiv preprint arXiv:1902.01007},
  year={2019}
}

